@article{nonsense2025article,
  author    = {A. Author and B. Buthor},
  title     = {A Completely Made-Up Study on Nonsense Data},
  journal   = {Journal of Irrelevant Research},
  year      = {2025},
  volume    = {42},
  number    = {1},
  pages     = {1--9}
}

@book{nonsense2024book,
  author    = {C. Creator},
  title     = {The Big Book of Nonsense},
  publisher = {Imaginary Press},
  year      = {2024},
  address   = {Faketown}
}

@inproceedings{nonsense2023conf,
  author    = {D. Developer and E. Engineer},
  title     = {Exploring the Limits of Placeholder Text},
  booktitle = {Proceedings of the Conference on Fictional Research},
  year      = {2023},
  pages     = {99--105},
  address   = {Nowhere City}
}
